@article{einstein,
    author = "Albert Einstein",
    title = "{Zur Elektrodynamik bewegter K{\"o}rper}. ({German})
    [{On} the electrodynamics of moving bodies]",
    journal = "Annalen der Physik",
    volume = "322",
    number = "10",
    pages = "891--921",
    year = "1905",
    DOI = "http://dx.doi.org/10.1002/andp.19053221004",
    keywords = "physics"
}

@suppcollection{ANFIA2017,
	author = {ANFIA, Associazione Nazionale Filiera Industria Automobilistica},
	title = {DOSSIER Trasporto Merci su Strada},
	booktitle = {booktitle},
	date = {Febbraio 2019},
}
 